2476 3848
456 379 524 412 an
555 362 738 412 deceat
768 361 868 410 hoc
899 360 983 409 te?
1016 359 1234 425 Respice
1267 359 1334 408 ad
1366 369 1618 408 matrem:
1654 359 1816 408 decet.

523 450 624 498 Sed
661 466 754 498 cur
790 458 1001 513 repente
1038 447 1202 496 noctis
1238 446 1460 496 aestivae
1495 446 1629 497 vices

455 537 673 586 hiberna
703 536 860 600 longa
891 535 1059 601 spatia
1090 534 1390 600 producunt
1419 550 1582 595 mora,

453 635 544 674 aut
572 624 699 690 quid
729 624 971 673 cadentes
997 622 1196 672 detinet
1224 622 1390 672 stellas
1417 622 1572 688 polo?
2142 623 2207 673 55

450 712 717 762 Phoebum
751 711 1051 761 moramur?
1086 710 1270 760 Redde
1305 711 1411 760 iam
1445 710 1646 762 mundo
1678 710 1832 761 diem.

271 935 331 968 52.
354 945 403 967 an
425 939 580 967 matrem
602 934 636 966 A
661 939 698 965 at
722 938 878 965 matrem
901 932 1067 966 Avaneius.

272 1067 355 1109 dem
375 1067 499 1119 incipe
521 1089 580 1095 —
601 1066 821 1117 animosque
842 1079 964 1106 sume:
997 1064 1207 1115 Tantalum
1229 1071 1266 1104 et
1285 1063 1460 1117 Pelopem
1475 1063 1599 1116 aspice
1603 1077 1621 1113 ;
1638 1086 1696 1092 —-
1709 1063 1764 1104 ad
1783 1062 1873 1104 haec
1896 1077 2029 1105 manus
2050 1064 2220 1118 exempla

266 1133 472 1180 poscuntur
492 1139 610 1167 meae.

387 1187 450 1227 531
475 1199 582 1238 sgg.
612 1184 862 1237 L’iperbole
893 1183 1068 1236 poetica
1099 1191 1312 1224 aumenta
1342 1182 1562 1223 l’atrocit&
1591 1181 1664 1222 del
1684 1181 1866 1234 disegno
1897 1190 2090 1224 tramato
2119 1183 2215 1224 dal-
2237 1230 2242 1235 ,

274 1245 464 1286 l'ombra
483 1244 531 1285 di
551 1244 716 1294 Tieste:
739 1243 860 1285 Febo
881 1251 998 1284 teme
1019 1243 1066 1284 di
1087 1243 1302 1295 riportare
1323 1243 1367 1283 la
1387 1243 1486 1283 luce
1505 1242 1618 1282 sulla
1639 1250 1755 1283 terra
1780 1241 1874 1295 (cfr.
1903 1241 2003 1293 Thy.
2033 1241 2219 1284 1085-86

275 1319 300 1346 e
335 1304 481 1356 1904),
512 1305 554 1345 le·
573 1304 709 1353 stelle,
731 1303 804 1356 gi&
834 1303 901 1344 sul
922 1311 1067 1355 punto
1097 1302 1145 1343 di
1175 1302 1409 1355 spegnersi,
1441 1300 1677 1342 sembrano
1706 1299 1913 1342 rifiutarsi
1941 1301 1990 1342 di
2021 1309 2220 1344 tramon-

275 1374 370 1406 tare
389 1377 414 1404 e
443 1364 488 1404 la
507 1371 631 1404 notte
651 1363 803 1412 estiva,
826 1362 959 1404 breve
989 1376 1069 1414 per
1088 1376 1169 1403 sua
1199 1370 1376 1411 natura,
1407 1360 1611 1414 eguaglia
1631 1359 1784 1401 invece
1804 1361 1845 1401 le
1865 1360 1979 1402 notti
2000 1360 2219 1402 invemali

280 1424 453 1477 (hiberna
472 1423 626 1475 spatia;
658 1422 735 1463 cfr.
765 1421 850 1474 Thy
869 1422 1043 1474 49451).
1067 1413 1104 1463 E
1125 1422 1169 1462 la
1199 1430 1360 1462 natura
1381 1429 1497 1462 tutta
1513 1420 1596 1461 che
1610 1433 1702 1460 non
1717 1420 1822 1461 vuol
1837 1419 1938 1460 farsi
1962 1420 2216 1471 spettatrice

272 1483 413 1524 d'una
434 1483 521 1524 tale
551 1481 756 1534 empieta,
779 1481 897 1523 onde
927 1481 1088 1531 Tieste,
1120 1480 1358 1522 trascinato
1389 1480 1476 1521 alla
1496 1479 1797 1520 scelleratezza
1826 1478 1947 1520 dalla
1976 1492 2056 1520 sua
2099 1479 2221 1521 follia

273 1542 321 1583 di
350 1541 573 1592 vendetta,
604 1541 731 1594 grida
762 1555 789 1582 a
810 1540 930 1582 Febo
952 1540 1001 1581 di
1022 1540 1238 1581 restituite
1269 1541 1313 1581 la
1332 1540 1431 1581 luce
1453 1538 1540 1591 agli
1576 1539 1765 1581 uomini:
1799 1538 1929 1580 Redde
1965 1539 2048 1580 iam
2069 1538 2212 1581 mundo

274 1602 390 1644 diem.
422 1601 513 1643 Cfr.
546 1601 604 1642 H.
639 1601 687 1642 F.
719 1601 806 1641 940
837 1613 927 1652 sgg.

285 3565 341 3606 48
