2476 3848
333 336 530 385 soltanto
560 353 621 385 un
647 336 856 385 elemento
884 337 1159 397 secondan'o,
1191 345 1355 387 mentre
1383 338 1547 387 motivo
1575 339 1625 389 di
1644 339 1797 404 primo
1817 341 1961 405 piano
1989 359 2012 390 e
2039 343 2088 392 di
2113 343 2273 407 sfondo

330 411 353 457 ὲ
390 410 439 458 la
476 417 656 470 natura,
686 410 1047 474 puntualizzata
1084 411 1205 460 nella
1225 411 1367 476 furia
1404 412 1527 476 degli
1561 412 1765 463 elementi
1798 431 1821 462 e
1858 415 2018 479 quindi
2052 417 2165 466 nelle
2197 434 2276 467 sue

324 484 411 547 piu
459 483 652 533 terribili
698 483 1084 546 manifhstazioni.
1134 485 1387 534 Potremmo
1435 485 1615 549 definire
1661 495 1816 551 questa
1865 490 2032 538 tecnica
2079 490 2275 541 dinosis

329 554 546 622 φύσεως.
581 558 628 605 Il
640 557 774 621 fatto
804 566 942 607 stesso
972 558 1049 607 che
1079 558 1127 607 la
1159 559 1477 615 ricostruzione
1507 559 1580 609 del
1609 561 1852 625 naufragio
1867 562 2004 626 satta
2034 564 2095 612 da
2131 565 2273 614 Euri-

328 631 430 680 bate
465 631 539 680 sia
577 639 802 695 composta
842 631 890 680 di
928 649 1019 680 una
1055 632 1168 682 serie
1206 633 1255 682 di
1294 633 1618 698 inquadrature
1653 635 1731 684 clze
1768 636 2000 700 ampliano
2038 638 2269 688 continua-

329 712 468 754 mente
496 705 533 754 il
560 712 675 754 tema
701 705 965 769 originario,
995 707 1018 754 ἑ
1045 707 1092 755 la
1110 714 1256 770 prova
1282 706 1360 756 che
1384 707 1678 772 l’argomento
1717 726 1803 759 non
1827 710 1924 760 solo
1951 728 2027 760 era
2055 712 2104 762 di
2129 713 2272 762 domi·

327 779 402 828 nio
431 796 627 839 comune,
662 796 736 828 ma
765 787 1034 843 soprattutto
1064 780 1142 829 clze
1171 780 1335 830 Seneca
1366 781 1409 830 lo
1439 781 1500 831 Ιια
1531 790 1716 832 trattato
1748 784 1798 832 al
1828 785 1939 848 pari
1968 785 2128 849 d'ogni
2157 786 2273 836 altro

320 861 455 916 poeta
499 854 685 917 tragica,
732 854 1089 917 aggiungendovi
1134 855 1180 904 in
1226 855 1314 919 piu
1368 856 1732 920 quell’impronta
1786 859 2108 909 caratteristica
2161 861 2274 909 delle

325 927 471 976 scuole
523 927 571 975 di
623 928 808 976 retorica
845 927 1117 991 facilmente
1168 930 1473 979 riconoscibile
1537 930 1960 987 nell'elaborazione
2011 951 2040 981 a
2089 934 2269 994 schemi,

326 1001 447 1049 nella
470 1001 732 1064 partizione
762 1001 883 1050 della
916 1003 1104 1051 materia
1136 1003 1184 1051 in
1216 1004 1508 1052 rudimentali
1538 1005 1738 1060 abbozzi
1769 1023 1791 1054 e
1821 1008 2056 1056 canovacci
2086 1007 2163 1057 che
2185 1010 2270 1072 poi

325 1075 416 1138 egli
450 1076 662 1139 soiluppa
699 1076 938 1124 abilmente
976 1077 1024 1125 in
1061 1078 1189 1125 modo
1228 1077 1287 1126 da
1316 1086 1572 1141 presentare
1610 1097 1699 1128 una
1735 1097 1865 1128 scena
1903 1081 2155 1131 d’insieme.
2195 1082 2275 1130 Ad

322 1166 423 1198 essa
444 1150 739 1213 partecipano
768 1151 815 1199 in
828 1150 993 1214 forma
1022 1151 1070 1199 di
1108 1148 1430 1212 ὑποτύπωσις
1472 1152 1619 1216 (cum
1649 1170 1726 1202 res
1756 1170 1864 1202 non
1893 1165 2037 1218 gesta
2064 1155 2269 1205 indica·

328 1233 427 1283 tur,
455 1223 545 1272 sed
571 1234 630 1272 ut
654 1224 719 1272 sit
743 1235 888 1288 gesta
913 1224 1224 1285 ostenditur,
1253 1242 1348 1274 nec
1376 1227 1637 1287 universa,
1664 1227 1754 1276 sed
1780 1245 1875 1292 per
1899 1229 2080 1293 partis,
2106 1229 2268 1294 Quint.

327 1297 454 1346 Inst.
484 1307 618 1347 orat.
648 1298 731 1346 IX
751 1294 802 1358 2,
826 1299 923 1359 403
952 1299 1036 1363 cfr.
1068 1299 1166 1348 Cic.
1199 1299 1278 1348 De
1306 1310 1439 1349 orat.
1471 1301 1558 1348 III
1578 1303 1666 1362 53,
1694 1301 1847 1365 202),
1879 1302 1928 1351 di
1952 1300 2271 1370 τοπογραφία

330 1371 589 1435 (locorum
628 1388 844 1436 quoque
884 1373 1120 1422 dilucida
1159 1383 1211 1422 et
1248 1374 1544 1438 significans
1585 1375 1882 1445 descriptio,
1938 1376 2098 1440 Quint.
2142 1377 2267 1427 Inst.

323 1456 456 1495 orat.
488 1446 571 1494 IX
594 1447 717 1506 2,44
752 1447 791 1510 ),
826 1447 873 1495 di
902 1443 1138 1513 ἐνάργεια
1172 1447 1287 1512 (qui
1319 1448 1449 1498 haec
1480 1448 1730 1498 nitidiora
1761 1449 1939 1510 faciat,
1971 1451 2119 1515 quod
2149 1468 2269 1516 pro-

325 1520 437 1584 prie
468 1520 659 1569 dixeris
690 1521 923 1580 cultum,·
956 1539 979 1570 e
1010 1521 1139 1585 quia
1170 1522 1286 1586 plus
1317 1533 1393 1571 est
1422 1523 1692 1572 evidentia
1723 1523 1823 1585 vel,
1856 1534 1915 1573 ut
1943 1524 2031 1573 alii
2064 1524 2268 1586 dicunt,

325 1595 738 1659 repraesentatio
778 1611 945 1659 quam
986 1596 1347 1660 perspicuitas,
1393 1596 1554 1661 Quint.
1586 1597 1713 1646 Inst.
1742 1609 1876 1647 orat.
1927 1598 2051 1647 VIII
2070 1599 2121 1659 3,
2151 1599 2267 1662 61),

324 1668 373 1717 di
401 1668 782 1718 demonstratio
819 1669 964 1733 (cum
994 1670 1068 1718 ita
1097 1670 1270 1720 verbis
1299 1679 1376 1719 r'es
1406 1672 1737 1736 exprimitur,
1770 1682 1828 1721 ut
1857 1674 1966 1736 geri
1997 1673 2269 1736 negotium

323 1752 375 1791 et
409 1760 487 1792 res
522 1754 646 1792 ante
689 1743 869 1792 oculos
903 1743 1165 1805 videatur,
1210 1744 1346 1794 Auct.
1387 1746 1450 1794 ad
1486 1746 1599 1795 Her.
1635 1745 1714 1794 IV
1741 1748 1828 1806 55,
1869 1747 1968 1806 68;
2004 1765 2026 1795 e
2059 1745 2268 1796 adiecta

324 1817 455 1866 veris
485 1817 752 1867 credibilis
782 1834 959 1867 rerum
989 1818 1185 1882 imago,
1218 1834 1358 1883 quae
1387 1819 1531 1868 velut
1561 1820 1617 1868 in
1647 1836 1759 1868 rem
1790 1830 2122 1885 praesentem
2151 1838 2267 1886 per-

323 1891 516 1940 ducere
549 1891 825 1941 audientes
858 1891 1085 1952 videtur,
1125 1892 1286 1957 Quint.
1335 1893 1462 1942 Inst.
1507 1904 1641 1943 orat.
1677 1893 1756 1943 IV
1790 1895 1843 1954 2,
1873 1894 2021 1959 123),
2056 1893 2112 1943 di
2143 1911 2264 1961 φαν-

321 1962 475 2015 τασία
518 1966 635 2030 (per
675 1983 806 2030 quas
847 1967 1104 2030 imagines
1146 1983 1323 2015 rerum
1364 1967 1667 2016 absentium
1692 1969 1767 2016 ita
1802 1978 2267 2033 repraesentantur

322 2039 502 2088 animo
554 2054 612 2089 ut
661 2057 747 2089 eas
797 2057 1010 2089 cernere
1059 2040 1223 2090 oculis
1272 2057 1334 2090 ac
1384 2052 1681 2110 praesentes
1731 2042 1928 2092 habere
1968 2042 2264 2102 videamur,

326 2112 486 2177 Quint.
525 2114 651 2163 Inst.
687 2125 821 2164 orat.
866 2115 936 2163 VI
961 2117 1012 2175 2,
1049 2116 1163 2179 29),
1199 2116 1451 2165 altrettanti
1482 2116 1731 2165 ornamenti
1756 2116 1832 2165 che
1864 2116 2053 2166 rendono
2086 2116 2266 2180 agitata

321 2187 378 2235 ed
403 2188 710 2243 emozionante
741 2189 789 2237 la
820 2189 1107 2248 descrizione,
1141 2197 1305 2245 mentre
1326 2189 1453 2252 ¹l'uso
1484 2190 1789 2254 dell'iperbole
1819 2208 1842 2238 e
1873 2190 1987 2239 delle
2017 2198 2116 2240 note
2144 2191 2261 2239 colo-

321 2261 517 2321 risticlze,
559 2280 606 2311 se
646 2264 669 2311 e}
709 2270 805 2312 ver’o
846 2263 922 2312 che
962 2263 1108 2312 danno
1150 2263 1507 2327 all’espressione
1547 2281 1637 2313 una
1661 2264 1824 2328 forma
1865 2264 2183 2328 immaginosa,
2226 2265 2266 2312 le

321 2336 586 2399 imprimono
616 2337 754 2385 anche
783 2354 873 2385 una
903 2354 989 2385 non
1018 2354 1199 2386 comune
1228 2338 1402 2401 vigoria
1430 2356 1452 2386 e
1482 2355 1572 2386 una
1587 2338 1780 2401 finalita
1802 2338 2035 2401 pittorica.
2070 2327 2116 2387 E
2126 2338 2265 2402 fuori

321 2409 370 2457 di
399 2409 671 2459 discussione
700 2411 777 2460 che
798 2419 883 2474 per
912 2419 1023 2460 tutto
1053 2412 1123 2460 cio
1153 2411 1316 2460 Seneca
1346 2412 1405 2460 lta
1420 2412 1692 2475 fortemente
1719 2411 1868 2461 subito
1899 2411 2121 2476 l'influsso
2153 2411 2265 2460 delle

319 2483 528 2539 tendenze
583 2485 896 2540 declamatorie
950 2503 971 2532 e
1027 2485 1470 2549 dell'insegnamento
1526 2486 1707 2535 retorico
1756 2486 2098 2549 predominante
2151 2485 2265 2534 nelle

319 2558 465 2606 scuole
491 2558 611 2606 della
636 2576 721 2610 sua
748 2560 819 2607 eta
852 2559 955 2623 (cfr.
989 2559 1236 2619 CANTER,
1267 2560 1574 2609 Rhetorical
1605 2560 1868 2609 Elements
1896 2561 1948 2608 in
1977 2559 2262 2624 Tragedies

319 2630 381 2679 of
414 2631 554 2691 Sen.,
598 2633 811 2696 passim)
826 2651 845 2691 ,·
890 2634 1097 2682 naturale
1137 2634 1296 2697 quindi
1335 2634 1411 2682 clze
1451 2634 1585 2682 l'arte
1623 2651 1837 2683 senecana
1876 2635 1919 2683 si
1959 2633 2175 2683 distacclli
2216 2634 2263 2682 in

320 2713 469 2768 questo
512 2706 639 2754 dalla
681 2707 886 2770 tragedia
923 2724 1072 2770 greca,
1117 2708 1242 2756 assai
1273 2708 1360 2771 piu
1402 2715 1644 2772 temperata
1685 2708 2046 2757 nell’introdurre
2084 2726 2106 2757 e
2146 2706 2261 2756 nello

318 2779 575 2843 soiluppare
613 2780 630 2828 i
668 2777 815 2830 τόποι
854 2781 1151 2835 tradizionali
1188 2781 1416 2845 dell’epos.
1460 2781 1555 2830 Ma
1604 2799 1690 2830 non
1725 2782 1767 2830 si
1804 2781 2017 2831 dovrebbe
2064 2781 2262 2831 arrivare

318 2870 346 2900 a
372 2853 465 2902 dire
488 2854 564 2902 che
589 2855 606 2902 i
630 2854 922 2904 declamatori
945 2872 1138 2903 avevano
1165 2873 1223 2904 un
1249 2855 1401 2904 debole
1418 2864 1503 2918 per
1526 2856 1543 2904 i
1568 2855 1786 2919 naufragi
1815 2856 1971 2919 (quasi
1994 2856 2070 2904 che
2097 2851 2260 2904 Omero

318 2943 340 2974 e
372 2927 532 2989 quanti
564 2935 810 2976 trattarono
844 2929 956 2991 dopo
989 2929 1038 2977 di
1070 2929 1137 2977 lui
1168 2947 1191 2977 e
1220 2929 1335 2978 sulle
1366 2946 1443 2978 sue
1475 2936 1593 2978 orme
1625 2929 1663 2977 il
1695 2937 1810 2978 tema
1843 2929 1963 2978 della
1995 2935 2207 2993 tempesta
2238 2946 2261 2976 e

319 3001 391 3049 del
431 3002 691 3065 naufragio,
734 3003 1056 3062 caratteristico
1098 3004 1171 3052 dei
1212 3004 1412 3063 Nostoi‚
1441 3005 1623 3068 sossero
1665 3005 1923 3053 altrectanto
1949 3003 2102 3067 fedeli
2142 3003 2261 3051 della

318 3075 499 3129 scienza
538 3075 904 3139 declamatoria),
943 3078 1151 3140 comesa
1190 3085 1386 3141 appunto
1427 3078 1463 3126 il
1507 3079 1738 3127 Brakman
1771 3079 2057 3141 (Mnemos‚
2107 3075 2260 3136 1914,

315 3155 363 3209 p.
399 3149 505 3198 392
534 3148 659 3212 sgg.)
689 3157 773 3211 per
803 3149 1066 3198 dimostrare
1097 3150 1173 3198 che
1204 3151 1251 3199 in
1281 3151 1388 3213 ogni
1419 3158 1635 3199 momento
1667 3149 1787 3198 della
1816 3150 2019 3214 tragedia
2044 3167 2258 3199 senecana

319 3220 527 3283 l’aspetto
564 3223 746 3270 retorico
783 3224 805 3270 ἑ
825 3223 1198 3286 fondamentale,·
1237 3223 1421 3273 sarebbe
1455 3231 1572 3273 stato
1610 3224 1743 3272 molto
1772 3224 1859 3287 piu
1886 3223 2103 3287 prudente
2137 3223 2257 3272 indi-

318 3310 417 3342 care
441 3294 517 3342 cke
542 3295 579 3343 il
603 3296 766 3344 motivo
791 3296 913 3345 della
939 3305 1150 3360 tempesta
1175 3314 1250 3346 era
1276 3295 1355 3346 a'ai
1380 3297 1543 3360 tragici
1563 3297 1685 3360 greci
1709 3297 1946 3346 introdotto
1970 3305 2084 3346 sotto
2094 3295 2257 3361 forma

320 3366 556 3416 dirhesis
590 3369 661 3417 nei
686 3370 822 3431 punti
853 3370 901 3418 di
927 3370 1196 3433 particolare
1231 3371 1517 3426 intonazione
1547 3371 1672 3434 epica
1703 3389 1725 3419 e
1755 3370 1831 3419 che
1861 3370 2024 3419 Seneca
2055 3370 2104 3419 di
2133 3370 2182 3419 ἰὰ
2212 3370 2254 3419 lo

330 3556 405 3594 100
