2476 3848
410 889 715 938 CHORUS
772 889 1099 938 ILIADUM
1155 919 1173 926 -
1228 889 1652 938 CASSANDRA

414 1113 535 1161 Heu
574 1128 735 1176 quam
773 1111 925 1161 dulce
965 1111 1163 1160 malum
1202 1111 1506 1161 mortalibus
1548 1111 1786 1161 additum

415 1200 553 1249 vitae
593 1200 733 1250 dirus
773 1217 934 1260 amor,
977 1217 1097 1249 cum
1137 1210 1316 1265 pateat
1356 1199 1502 1249 malis
2071 1200 2169 1249 610

416 1288 670 1352 effugium
709 1299 760 1338 et
797 1288 1005 1337 miseros
1045 1288 1205 1337 libera
1244 1306 1380 1337 mors
1420 1300 1568 1339 vocet

416 1386 595 1442 portus
632 1386 844 1426 aeterna
878 1376 1114 1442 placidus
1152 1376 1338 1442 quiete.

416 1464 602 1516 Nullus
637 1465 778 1520 hune
815 1475 979 1514 terror
1016 1483 1111 1514 nec
1147 1465 1444 1531 impotentis

416 1553 643 1619 procella
684 1553 943 1607 Fortunae
984 1564 1158 1603 movet
1199 1564 1291 1603 aut
1331 1553 1496 1618 iniqui

416 1641 628 1691 flamma
660 1641 928 1691 Tonantis.
2070 1643 2168 1692 615

226 1909 443 1944 CHORUS
467 1908 760 1942 CASSANDRA
783 1914 853 1941 ante
876 1920 904 1941 v.
931 1909 1001 1941 609
1018 1908 1166 1948 praemis.
1189 1909 1222 1941 A
1315 1909 1368 1941 De
1390 1908 1446 1941 hoc
1467 1908 1583 1941 cant-Teo
1606 1914 1698 1948 atque
1719 1908 1784 1941 eius
1807 1909 1930 1941 metrica
1958 1909 2171 1949 compositione

231 1969 275 2010 ef.
288 1968 438 2007 Cimini,
450 1968 592 2008 Append.
612 1973 697 2000 metr.
714 1973 751 2008 p.
769 1967 839 2000 208
859 1978 927 2007 sqq.
949 1967 1040 2000 huius
1050 1967 1118 1999 ed..·
1133 1967 1208 2007 fuse
1219 1967 1338 2007 lateque
1349 1967 1491 1999 disseruit
1519 1968 1561 2000 B.
1577 1967 1741 2008 Bussseld,
1754 1968 1819 2000 Die
1837 1968 1996 2008 polymetr.
2013 1968 2168 2002 Chorlied.

233 2029 267 2063 in
287 2029 359 2061 Sen.
387 2027 525 2068 Oedipus
548 2027 613 2060 und
633 2027 855 2068 Agamemnon,
880 2027 972 2060 Diss.
998 2025 1162 2059 Muenster
1189 2027 1289 2065 1935,
1310 2033 1366 2067 pp.
1396 2027 1517 2065 26-34;
1544 2027 1581 2059 de
1595 2027 1721 2059 canticis
1732 2026 1911 2067 pblymetris
1920 2027 1994 2067 fuse
2017 2028 2172 2068 disputan.

233 2094 262 2121 et
277 2093 462 2129 pertractat).
487 2088 529 2120 B.
548 2087 699 2125 Schmidt,
720 2087 773 2119 De
793 2087 1006 2119 emendandar.
1026 2086 1097 2119 Sen.
1121 2086 1344 2126 tragoediarum
1366 2086 1537 2119 rationibus
1555 2087 1678 2126 prosod.
1710 2092 1738 2118 et
1754 2086 1897 2125 metricis,
1917 2086 2008 2119 Diss.
2033 2087 2172 2120 Berolin.

236 2148 337 2186 1860,
354 2153 390 2187 p.
416 2147 462 2179 59
481 2157 549 2186 sqq.
556 2156 570 2185 ;
594 2145 714 2185 Hoche,
735 2145 801 2178 Die
812 2146 923 2178 Merra
935 2146 986 2178 des
1015 2144 1183 2185 Tragikers
1202 2145 1325 2184 Seneca,
1349 2145 1448 2177 Halle
1474 2146 1582 2185 1862;
1606 2146 1679 2184 Leo,
1692 2146 1945 2186 1,p.11205qq‚,
1962 2145 2028 2178 127
2038 2157 2121 2185 sqq.‚
2145 2152 2173 2178 et

233 2207 346 2239 Rhein.
363 2206 458 2239 Mus.
477 2206 578 2244 1897,
601 2211 637 2246 p.
669 2206 739 2238 509
759 2215 826 2245 sqq.
833 2215 848 2244 ;
867 2205 953 2244 Birt,
979 2205 1092 2237 Rhem.
1109 2205 1203 2237 Mus.
1238 2205 1339 2243 1879,
1366 2211 1401 2244 p.
1433 2206 1504 2237 555
1530 2216 1598 2245 sqq.
1606 2215 1620 2245 ;
1651 2205 1830 2243 Reichardt,
1860 2205 1913 2236 De
1934 2211 2054 2238 metror.
2085 2205 2172 2245 lyric.

233 2265 436 2299 Horatianor.
450 2264 616 2304 artificiosa
629 2265 806 2303 elocutione,
819 2264 912 2297 Diss.
928 2264 1088 2304 Marburg
1106 2265 1205 2303 1889,
1218 2270 1253 2304 ρ.
1272 2265 1317 2297 48
1328 2275 1396 2304 sqq.
1404 2273 1418 2303 ,·
1431 2264 1541 2304 Spika,
1556 2264 1608 2296 De
1622 2263 1794 2301 imitatione
1807 2264 1985 2297 Horatiana
2000 2265 2033 2297 in
2044 2264 2173 2297 Senecae

225 2325 362 2358 *canticis
377 2325 472 2364 chori,
489 2325 597 2365 Progr.
620 2324 711 2358 Wien
731 2324 839 2363 1890;
857 2324 1056 2360 Muenscher.
1074 2324 1185 2356 Herm.
1207 2324 1307 2362 1919,
1320 2329 1357 2364 p.
1379 2324 1420 2355 11
1437 2333 1507 2363 sq.;
1526 2324 1642 2362 Marx,
1662 2323 1816 2356 Funkeion
1834 2324 1898 2356 und
1915 2323 2008 2356 Form
2024 2324 2058 2356 d.
2075 2321 2180 2356 Chor-'

232 2384 326 2417 lieder
345 2385 378 2417 in
397 2384 429 2417 d.
447 2381 784 2423 Seneca-Tragoediam
803 2383 895 2415 Diss.
916 2383 1104 2423 Heidelberg
1127 2383 1231 2421 19323
1250 2382 1430 2421 Strzelecfi,
1449 2383 1526 2421 Eos,
1550 2383 1651 2421 1951,
1670 2388 1703 2420 ρ.
1730 2383 1772 2414 93
1790 2393 1858 2422 squ.
1953 2382 2036 2416 613.
2056 2383 2172 2422 impo-

233 2449 310 2476 tens
330 2443 363 2476 A
462 2443 517 2475 Vv.
541 2443 673 2474 614-15
692 2442 737 2474 ita
758 2442 851 2474 divis.
874 2442 922 2474 A:
946 2453 1045 2481 proc.
1069 2442 1167 2474 Fort.
1189 2447 1310 2474 movet
1330 2459 1345 2466 -
1367 2448 1431 2474 aut
1452 2441 1542 2481 iniq.
1561 2441 1664 2474 flam.
1685 2441 1862 2474 Tonantis
1953 2442 2028 2474 Post
2049 2453 2078 2474 υ.
2104 2442 2174 2473 615

228 2509 301 2543 pos.
321 2514 368 2535 vv.
390 2503 522 2535 624-28
538 2502 664 2534 Richter

346 2673 521 2714 6⁰9-15.
551 2673 692 2713 Tema
722 2672 1051 2712 fondamentale
1082 2672 1128 2712 di
1159 2680 1313 2724 questa
1343 2672 1488 2724 prima
1518 2680 1643 2724 parte
1674 2672 1745 2712 del
1778 2672 1914 2713 Coro:
1948 2672 2171 2724 disprezzo

234 2747 312 2786 per
338 2741 453 2773 tutto
478 2732 547 2773 cie>
572 2733 654 2773 che
680 2732 738 2772 ha
763 2731 965 2784 l’aspetto
991 2731 1037 2772 di
1062 2732 1247 2772 mortale
1273 2745 1296 2771 e
1322 2732 1561 2783 negazione
1587 2731 1703 2772 della
1728 2732 1890 2772 felicit&
1915 2731 2168 2772 dell’uomo.

236 2792 422 2833 L’unica
449 2790 587 2832 realt'&
615 2791 732 2832 della
759 2792 850 2831 vita
879 2800 1051 2832 terrena
1080 2792 1104 2831 ὲ
1131 2791 1174 2831 la
1202 2791 1479 2831 defettibilita
1507 2791 1623 2831 della
1650 2799 1798 2831 nostra
1825 2800 1998 2840 natura,
2029 2790 2109 2831 che
2138 2790 2170 2829 si

233 2851 370 2893 rivela
394 2853 501 2903 pere
526 2865 651 2892 come
675 2850 842 2892 l’unico
868 2851 980 2891 bene
1007 2864 1033 2890 a
1058 2851 1135 2891 noi
1159 2864 1374 2899 concesso,
1401 2851 1561 2903 perche
1586 2851 1657 2891 nel
1683 2851 1866 2903 grembo
1890 2850 2006 2891 della
2031 2858 2170 2890 morte

235 2911 338 2963 ogni
356 2910 504 2951 furore
525 2911 559 2951 si
581 2924 764 2960 smorza,
788 2910 892 2962 ogni
914 2910 1030 2950 male
1051 2909 1085 2950 si
1107 2910 1309 2959 dissolve3
1333 2909 1794 2962 quell’attaccamento
1816 2911 1900 2950 alle
1921 2909 2034 2962 gioie
2056 2909 2171 2950 della

234 2971 324 3011 vita
350 2971 465 3023 (vitae
485 2970 591 3011 dirus
610 2970 752 3022 amor),
776 2969 951 3010 artefice
972 2969 1018 3009 di
1040 2978 1159 3010 tante
1181 2969 1369 3010 illusioni
1395 2969 1519 3022 (dulce
1539 2970 1715 3022 malum),
1739 2969 1825 3010 alla
1847 2983 1940 3010 resa
1960 2969 2031 3010 dei
2053 2968 2167 3009 conti

234 3043 324 3070 non
354 3031 378 3070 ὲ
406 3038 519 3070 stato
547 3029 704 3070 foriero
733 3029 815 3070 che
843 3028 1051 3069 d’infiniti
1081 3029 1241 3070 dolori:
1272 3029 1432 3082 perche
1461 3029 1707 3070 desiderare
1736 3029 1872 3069 allor'a
1901 3029 1945 3069 la
1972 3029 2071 3069 luce
2099 3027 2170 3068 del

228 3089 337 3138 sole,
365 3103 409 3130 se
435 3088 510 3142 poi
538 3090 562 3130 ὲ
588 3088 708 3129 fonte
735 3088 781 3129 di
809 3088 1012 3130 tenebre?
1041 3089 1105 3129 La
1133 3098 1287 3137 morte,
1316 3088 1514 3141 dunque,
1543 3089 1652 3130 deve
1680 3102 1815 3129 essere
1842 3088 2060 3136 invocata,
2089 3087 2170 3127 che

235 3148 344 3190 offre
364 3148 432 3189 coi
452 3148 546 3189 suoi
567 3148 688 3200 ampi
709 3162 733 3188 e
753 3148 917 3200 placidi
937 3148 1089 3188 recessi
1111 3146 1274 3201 (portus)
1300 3147 1417 3190 malis
1432 3147 1634 3200 effugium,
1656 3163 1679 3189 e
1701 3148 1829 3200 placa
1849 3162 1872 3187 e
1894 3147 2031 3188 libera
2052 3146 2170 3186 dalla

234 3207 448 3248 schiavitis
479 3207 550 3249 del
582 3207 732 3249 dolore
767 3208 972 3260 (miseros).
1008 3207 1098 3248 Csr.
1131 3222 1210 3260 per
1241 3216 1394 3260 questo
1425 3216 1626 3248 concetto
1653 3208 1772 3248 Phae.
1805 3207 1888 3248 256
1922 3221 1946 3247 6
1976 3206 2087 3247 Cons.
2121 3205 2174 3245 ad

232 3267 323 3307 Pol.
338 3267 379 3316 9,
401 3267 438 3307 7.
461 3267 515 3308 Se
533 3266 674 3320 degne
692 3267 802 3307 d’un
821 3266 1039 3320 Leopardi
1058 3281 1164 3309 sono
1182 3275 1291 3307 state
1310 3267 1350 3307 le
1368 3276 1471 3308 note
1491 3267 1551 3307 fin
1571 3267 1648 3320 qui
1666 3280 1867 3319 espresse‚
1887 3266 1901 3306 i
1920 3281 1990 3307 vv.
2010 3265 2168 3306 613-15

231 3325 508 3367 richiamano
549 3326 579 3367 il
621 3327 799 3367 Foscolo
840 3327 912 3367 dei
947 3326 1133 3378 Sepolcri:
1174 3339 1200 3365 «
1217 3327 1257 3366 A
1282 3326 1355 3366 noi
1396 3349 1453 3355 ——
1494 3335 1634 3367 morte
1675 3326 1939 3379 apparecchi
1979 3326 2170 3377 riposato

229 3384 414 3437 -albergo
438 3409 496 3415 —
520 3400 601 3427 ove
627 3400 718 3426 una
743 3386 862 3426 volta
888 3386 931 3426 la
956 3386 1133 3427 fortuna
1158 3386 1263 3427 cessi
1287 3409 1345 3414 —
1370 3385 1485 3427 dalle
1511 3386 1771 3426 vendette».

2090 3561 2166 3602 139
