2476 3848
842 899 1322 950 CONSPECTUS
1378 898 1833 948 METRORUM

359 1131 444 1172 Vv.
482 1130 577 1171 1-56
744 1143 755 1170 ε
787 1128 972 1171 trimetri
1002 1127 1197 1169 iambici.

358 1212 443 1253 Vv.
475 1211 632 1252 57-107
743 1225 753 1252 ε
785 1210 961 1252 dimetri
993 1210 1232 1278 anapaepti,
1265 1211 1344 1251 nisi
1374 1209 1476 1262 quod
1501 1210 1784 1262 interponuntur
1817 1224 1874 1251 vv.
1910 1208 1977 1259 70,
2013 1209 2080 1259 76,
2113 1209 2182 1258 89,
2222 1209 2297 1250 107

847 1278 888 1312 ut
915 1279 1192 1311 monometrl.

357 1354 441 1394 Vv.
479 1353 660 1395 108-309
743 1367 753 1393 :
786 1352 970 1393 trimetri
1000 1351 1195 1393 iambici.

356 1436 441 1476 Vv.
474 1435 658 1476 310-407
742 1449 751 1475 :
783 1435 970 1476 disticha
998 1434 1278 1486 anapaestica
1311 1433 1515 1486 (dimeter
1544 1442 1586 1474 et
1617 1433 1926 1485 monometer).

357 1517 442 1558 Vv.
473 1517 661 1558 408-608
745 1531 754 1557 :
787 1517 971 1557 trimetri
1002 1516 1195 1557 iambici.

356 1600 441 1640 Vv.
472 1599 660 1640 609-656
743 1613 753 1639 :
784 1599 968 1640 canticum
988 1598 1238 1651 polymetrum
1270 1598 1338 1650 (cs.
1367 1599 1478 1638 ΑΡΡ.
1512 1598 1689 1650 METR.).

356 1681 440 1721 Vv.
472 1681 658 1722 657-675
741 1695 750 1721 :
783 1680 958 1721 dimetri
993 1679 1233 1733 anapaesti,
1270 1680 1348 1721 nisi
1383 1680 1485 1731 quod
1514 1680 1798 1731 interponuntur
1832 1693 1888 1720 υυ.
1926 1678 2025 1729 661,
2063 1678 2160 1728 662,
2197 1678 2295 1728 665,

847 1740 931 1781 669
960 1746 1000 1781 ut
1028 1739 1226 1789 trimetri,
1255 1746 1292 1780 et
1319 1753 1375 1781 υυ.
1406 1739 1504 1788 666,
1534 1739 1617 1780 675
1647 1745 1687 1780 ut
1715 1739 1993 1780 monometri.

356 1823 440 1879 Vv.
472 1823 659 1863 676-680
744 1837 753 1863 :
787 1822 969 1863 trimetri
999 1822 1193 1863 iambici.

356 1904 440 1945 Vv.
472 1904 659 1945 681-709
742 1918 751 1944 ε
784 1905 959 1945 dimetri
990 1904 1230 1956 anapaesti.

355 1985 439 2026 Vv.
474 1986 657 2026 710-775
740 2000 749 2026 :
783 1986 966 2026 trimetri
997 1986 1190 2027 iambici.

355 2068 438 2108 Vv.
474 2068 652 2109 776-791
741 2082 750 2108 :
783 2068 958 2108 dimetri
988 2067 1181 2108 iambici.

354 2150 438 2190 Vv.
473 2149 658 2191 792-824
739 2165 749 2191 :
784 2150 968 2190 trimetri
997 2149 1190 2190 iambici.

354 2232 438 2272 Vv.
470 2231 656 2273 825-887
741 2246 750 2272 :
781 2232 967 2273 canticum
990 2232 1238 2284 polymetrum
1274 2230 1342 2284 (qs
1373 2232 1484 2272 ΑΡΡ.
1517 2232 1691 2283 METR.).

354 2314 437 2353 Vv.
470 2313 684 2355 888-1033
740 2328 749 2354 :
783 2314 966 2354 trimetri
997 2313 1192 2354 iambici.

2194 3574 2276 3613 207
