2476 3848
525 381 603 431 Ut
623 397 813 447 sparsa
846 380 1110 431 tumidum
1144 380 1313 432 classis
1344 382 1548 448 excepit
1580 398 1741 445 mare,

525 468 646 519 ratis
684 468 858 520 videre
898 468 1034 519 socia
1074 486 1180 519 non
1218 469 1391 535 potuit
1431 480 1611 522 ratem.

519 557 669 622 Quin
700 557 806 623 ipse
839 557 1044 608 Atrides
1077 574 1302 623 aequore
1335 559 1588 609 immenso
1619 576 1780 624 vagus
2179 562 2280 612 430

519 645 759 711 graviora
792 645 981 712 pelago
1015 646 1212 696 damna
1247 663 1409 712 quam
1444 646 1580 697 bello
1615 647 1733 698 tulit

521 744 821 800 remeatque
851 734 991 784 victo
1021 734 1211 797 similis,
1242 734 1451 801 exiguas
1482 735 1692 787 trahens

520 822 817 886 lacerasque
855 822 1020 873 victor
1057 823 1212 873 classe
1251 824 1315 874 de
1354 834 1504 874 tanta
1540 835 1688 875 rates,

898 980 1376 1030 CLYTAEMNESTRA

527 1089 718 1151 Effare,
760 1108 905 1141 casus
943 1090 1057 1160 quis
1098 1102 1230 1141 rates
1269 1091 1440 1142 hausit
1480 1093 1654 1142 meas?

527 1180 634 1228 Aut
666 1196 801 1244 quae
832 1180 987 1230 maris
1018 1179 1231 1230 fortuna
1262 1179 1530 1247 dispulerit
1560 1183 1731 1232 duces,
2187 1183 2285 1233 435
2315 1204 2318 1208 ’

339 1379 424 1412 434.
445 1378 539 1419 Quis
558 1378 634 1412 sare
654 1385 792 1412 nostras
811 1380 972 1412 hauserit
992 1390 1093 1413 casus
1125 1386 1219 1413 rates
1241 1381 1287 1417 A.
1308 1385 1337 1412 et
1354 1380 1409 1419 Ψ,
1430 1380 1496 1414 πίει·
1512 1385 1596 1422 quod
1613 1387 1746 1416 vestras
1765 1382 1874 1422 sm’ps.
2014 1382 2156 1416 Effare?
2178 1383 2295 1417 Canus

342 1438 425 1480 quis
442 1444 536 1472 rates
552 1438 673 1472 hausit
688 1438 767 1472 eas?
785 1439 930 1477 Damni,
954 1438 1131 1473 Herrmann
1235 1440 1319 1473 4³5.
1336 1439 1535 1482 dispulerat
1553 1441 1653 1474 Bothe

342 1585 425 1626 par
440 1571 591 1614 chiaro
607 1571 690 1613 che
701 1571 802 1613 dila
818 1571 1012 1625 dipende
1028 1572 1209 1622 Seneca,
1221 1586 1301 1625 per
1315 1572 1630 1615 l’intelaiatura
1643 1583 1774 1616 stessa
1789 1574 2144 1628 deu’espediente
2159 1575 2295 1618 tecui-

340 1645 396 1674 co
416 1639 512 1673 atto
536 1631 595 1673 ad
619 1632 870 1674 introdurre
886 1631 917 1673 il
933 1641 1162 1674 momento
1175 1632 1402 1675 narrativo
1422 1632 1515 1687 (cfr.
1532 1634 1673 1687 Agam.
1690 1634 1775 1677 620
1795 1635 1923 1688 sgg.).
1942 1635 2089 1688 Quale
2108 1643 2295 1678 ventura

344 1692 481 1734 abbia
500 1691 679 1733 sofferto
700 1692 744 1733 la
764 1706 878 1733 nave
900 1692 947 1733 di
970 1693 1195 1743 Menelao,
1219 1694 1243 1734 ὲ
1264 1692 1418 1745 ignoto
1438 1694 1496 1735 ad
1518 1693 1749 1744 Euribate3
1772 1695 1864 1736 solo
1884 1695 1915 1736 il
1936 1709 2060 1736 mare
2080 1695 2296 1748 potrebbe

344 1752 471 1794 dirne
501 1766 585 1793 con
616 1760 813 1793 certezza
848 1753 964 1806 (certa
998 1767 1100 1803 sors;
1132 1752 1180 1794 in
1208 1752 1381 1794 Eschilo
1406 1751 1497 1795 οὐκ
1523 1750 1650 1795 οἶδεν
1679 1751 1834 1803 οὐδεὶς
1865 1750 1976 1796 ὥστ’
2004 1751 2297 1807 ἀπαγγεῖλαι

336 1813 497 1864 τορῶς,
515 1828 555 1854 v.
574 1813 694 1865 632),
713 1813 816 1865 quel
834 1826 955 1852 mare
972 1812 1053 1853 che
1070 1826 1153 1853 con
1171 1813 1213 1852 la
1228 1826 1306 1853 sua
1323 1813 1436 1854 furia
1457 1814 1591 1866 (maris
1606 1813 1731 1861 dubii;
1749 1813 1930 1854 tumidum
1947 1814 2084 1865 mare),
2098 1812 2286 1865 disperse

336 1872 378 1912 la
398 1872 537 1922 flotta‚
556 1881 671 1913 tutto
688 1871 864 1913 confuse
882 1872 998 1911 nella
1016 1872 1245 1913 tenebrosa
1262 1880 1384 1913 notte
1401 1887 1424 1913 e
1443 1873 1548 1914 tolse
1565 1873 1653 1913 alla
1670 1873 1778 1913 vista
1795 1872 1897 1925 ogni
1914 1885 2013 1913 cosa
2035 1873 2098 1923 (in
2116 1871 2287 1913 Eschilo

347 1926 462 1984 ἀνὴρ
518 1928 719 1986 ἄφαντος
767 1929 821 1981 ἐξ
868 1929 1127 1985 Ἀχαιικοῦ
1179 1931 1400 1986 στρατοῦ,
1473 1955 1525 1961 -
1582 1931 1725 1982 αὐτός
1773 1946 1826 1974 τε
1879 1931 1961 1975 καὶ
2010 1930 2065 1975 τὸ
2118 1932 2296 1984 πλοῖον,

348 2006 418 2032 vv.
467 1991 653 2042 624-25;
701 1992 748 2033 in
793 1992 961 2033 Seneca
1009 1995 1106 2034 ratis·
1147 1993 1269 2034 videre
1315 2007 1389 2034 non
1428 1995 1559 2046 potuit
1599 2000 1731 2044 ratem,
1778 1994 1895 2035 onde
1922 1993 2014 2046 fari
2059 2000 2178 2035 vetat:
2221 2007 2298 2036 ma

348 2051 514 2093 Seneca
560 2065 643 2093 con
696 2065 758 2092 un
807 2048 997 2104 ὕστερον
1057 2048 1281 2106 πρότερον
1329 2053 1388 2093 ha
1435 2052 1678 2106 anticipato
1725 2053 1768 2094 la
1815 2053 2110 2103 conclusione,
2152 2067 2299 2095 neces-

348 2111 462 2152 saria
494 2126 520 2152 a
552 2125 681 2164 porre
712 2111 859 2152 subito
890 2112 936 2152 in
968 2111 1182 2153 evidenza
1213 2113 1258 2153 la
1288 2112 1443 2162 verita,
1478 2126 1556 2165 per
1588 2114 1662 2165 poi
1695 2113 1956 2154 soffermarsi
1989 2113 2098 2154 sulle
2129 2113 2295 2166 cause).

351 2172 523 2221 Invero,
555 2171 675 2212 dallo
704 2179 934 2223 sgomento
962 2171 1045 2212 che
1074 2186 1238 2213 ancora
1267 2173 1328 2225 gli
1357 2173 1455 2213 vela
1483 2172 1681 2222 l’animo,
1712 2173 1746 2213 si
1775 2173 1948 2214 deduce
1976 2173 2059 2214 che
2089 2173 2298 2214 Euribate

349 2228 466 2272 teme
486 2245 617 2272 senza
638 2245 851 2284 speranza
872 2245 951 2284 per
971 2231 1015 2272 la
1035 2232 1126 2272 vita
1147 2232 1422 2282 dell’Atride,
1445 2232 1628 2273 fidando
1649 2233 1740 2273 solo
1759 2233 2106 2273 sull'intervento
2126 2232 2297 2274 divino:

348 2291 377 2332 il
400 2305 481 2331 suo
504 2291 690 2343 augurio
715 2292 739 2331 ὲ
762 2291 930 2332 sincero
958 2291 1158 2343 (Meliora
1182 2293 1279 2334 votis
1295 2299 1429 2345 posc03
1458 2292 1503 2333 in
1539 2292 1712 2333 Eschilo
1745 2288 1929 2344 γένοιτο
1967 2287 2081 2341 δ’ὡς
2118 2287 2299 2345 ἄριστα,

349 2366 390 2391 ν.
419 2351 517 2399 674,
546 2365 672 2392 come
698 2351 840 2393 anche
867 2351 912 2391 in
938 2351 1054 2392 Choe.
1075 2351 1170 2401 782,
1194 2352 1380 2404 augurio
1406 2353 1488 2393 che
1514 2351 1780 2398 sottintende
1806 2366 1897 2392 una
1924 2352 2023 2392 viva
2049 2351 2297 2404 speranza),

347 2412 391 2451 la
416 2425 496 2452 sua
521 2411 751 2463 preghiera
778 2411 820 2451 ai
846 2411 991 2452 celesti
1018 2411 1212 2453 fervente
1242 2412 1425 2465 (obtestor
1448 2413 1565 2461 deos;‘
1583 2412 1628 2452 in
1651 2411 1823 2452 Eschilo
1844 2409 2082 2464 μηχαναῖς
2107 2407 2216 2459 Δι’ός
2246 2431 2301 2440 --

344 2467 481 2511 οὔπω
519 2467 736 2518 θέλοντος
761 2466 1054 2519 ἐξαναλῶσαι
1081 2467 1230 2523 γένος,
1274 2493 1326 2500 -—
1356 2467 1485 2520 ἐλπίς
1511 2484 1581 2520 τις
1621 2468 1762 2512 αὐτὸν
1802 2467 1915 2523 πρὸς
1955 2467 2130 2523 δόμους
2172 2466 2303 2524 ἥξειν

348 2527 500 2578 πάλιν,
532 2544 601 2570 νν.
634 2529 829 2582 677-79).
863 2530 900 2570 ΙΙ
930 2531 1158 2583 passaggio
1188 2546 1215 2572 a
1244 2532 1465 2572 ricordare
1495 2531 1538 2572 la
1568 2531 1750 2572 titanica
1789 2531 1897 2571 lotta
1945 2538 2166 2571 sostenuta
2205 2529 2299 2571 dal-

350 2588 497 2630 l’altro
523 2590 692 2639 Atride,
721 2591 1057 2642 Agamennone,
1087 2605 1170 2632 con
1199 2592 1242 2632 la
1268 2605 1348 2632 sua
1375 2604 1487 2632 nave
1516 2591 1562 2631 in
1591 2591 1709 2632 balia
1736 2590 1809 2631 dei
1835 2590 1996 2630 marosi
2028 2590 2201 2642 (aequore
2227 2589 2301 2630 im-

350 2663 473 2690 menso
504 2664 633 2702 vagus,
666 2665 706 2690 v.
739 2649 843 2690 430:
877 2651 901 2690 ὲ
930 2650 1156 2691 l’omerico
1186 2647 1467 2704 μεγακήτης
1488 2648 1668 2703 πόντος)
1696 2651 1879 2691 avviene
1908 2657 2301 2702 spontaneamente

351 2723 374 2749 e
394 2709 505 2749 direi
525 2723 603 2761 per
623 2709 853 2750 necessita:
875 2723 919 2750 se
938 2710 1062 2751 nulla
1082 2724 1128 2751 sa
1148 2710 1266 2751 della
1285 2719 1398 2751 sorte
1418 2710 1465 2751 di
1486 2711 1696 2751 Menelao
1716 2724 1740 2751 e
1758 2724 1803 2750 se
1824 2718 1939 2750 teme
1959 2723 2037 2761 per
2056 2709 2100 2750 13
2118 2709 2209 2749 vita
2228 2708 2300 2749 del

352 2782 397 2808 re
424 2778 647 2820 spartano,
676 2770 720 2809 la
747 2770 926 2821 ragione
953 2770 1064 2810 deve
1092 2770 1313 2811 ricercarsi
1339 2771 1412 2811 nel
1438 2770 1548 2811 fatto
1575 2770 1658 2811 che
1685 2783 1868 2811 conosce
1894 2768 1909 2809 i
1935 2768 2037 2809 duri
2063 2768 2208 2809 eventi
2234 2782 2259 2809 6
2286 2768 2301 2808 i

347 2829 526 2880 graviora
547 2830 685 2869 damna
706 2829 779 2870 cui
800 2829 1115 2882 soggiacquero
1136 2831 1455 2882 Agamennone
1477 2844 1500 2870 e
1522 2831 1565 2871 la
1587 2829 1712 2871 flotta
1734 2829 1886 2870 achea.
1911 2829 1975 2869 La
1996 2828 2166 2880 gravita
2186 2827 2300 2868 delle

353 2888 524 2940 perdite
541 2889 697 2937 subite,
716 2889 759 2929 lo
775 2889 993 2942 squallore
1010 2889 1082 2930 del
1100 2890 1267 2930 ritorno
1285 2889 1396 2930 d’un
1413 2890 1598 2931 esercito
1611 2889 1834 2930 vittorioso
1850 2902 1900 2929 su
1917 2887 2059 2941 poche
2075 2902 2100 2928 e
2131 2887 2301 2928 malan-

354 2947 458 2987 date
487 2949 605 2996 navi,
637 2949 677 2989 le
706 2948 944 2989 sofferenze
975 2950 1226 2990 conosciute
1256 2950 1328 2990 nel
1359 2949 1586 2990 turbinare
1615 2949 1687 2990 dei
1711 2948 1836 2989 -venti
1866 2962 1890 2988 e
1919 2947 1991 2988 dei
2020 2946 2151 2996 flutti,
2182 2946 2300 2987 risal-

355 3016 461 3047 tano
484 3008 530 3047 in
555 3022 646 3048 una
669 3008 776 3048 serie
800 3008 846 3048 di
870 3010 1078 3049 contrasti
1102 3008 1408 3050 efficacissimi:
1435 3009 1449 3049 i
1473 3009 1590 3061 colpi
1613 3008 1760 3049 inflitti
1783 3007 1858 3048 dal
1882 3020 2004 3047 mare
2027 3007 2072 3047 in
2097 3020 2187 3047 una
2210 3007 2301 3047 sola

356 3075 490 3115 notte,
522 3067 598 3118 piu
626 3067 749 3119 gravi
777 3068 823 3108 di
851 3068 988 3120 quelli
1016 3069 1139 3109 avuti
1167 3069 1213 3109 in
1242 3069 1355 3109 dieci
1383 3069 1488 3109 anni
1517 3069 1563 3109 di
1590 3082 1748 3120 guerra
1780 3067 1975 3119 (graviora
1998 3066 2136 3119 pelago
2163 3066 2301 3106 damna

355 3140 466 3177 quam
492 3126 612 3175 bello,
639 3141 678 3167 V.
706 3127 825 3178 431),
855 3128 882 3167 il
910 3128 1077 3169 n'torno
1102 3129 1173 3169 del
1199 3129 1411 3169 vincitore
1436 3129 1754 3180 Agamennone
1779 3126 1918 3167 simile
1943 3140 1970 3167 a
1994 3126 2143 3178 quello
2167 3125 2214 3166 di
2239 3139 2301 3166 un

354 3185 466 3225 duce
489 3186 689 3227 sconfitto
716 3187 871 3238 (remeat
892 3187 986 3227 victo
1006 3188 1153 3228 similis
1176 3219 1185 3227 .
1208 3219 1217 3228 .
1240 3219 1248 3227 .
1273 3188 1401 3237 victor,
1426 3203 1466 3228 v.
1491 3187 1610 3239 432),
1635 3188 1678 3228 la
1699 3186 1888 3239 superba
1911 3184 2035 3226 flotta
2057 3185 2221 3225 ridotta
2242 3184 2301 3225 ad

354 3258 415 3284 un
435 3258 586 3297 pugno
606 3246 651 3286 di
671 3246 879 3297 cigolanti
900 3261 923 3287 e
944 3247 1075 3288 franti
1095 3247 1212 3300 legni
1235 3248 1409 3300 (exiguas
1425 3247 1641 3299 lacerasque
1657 3246 1777 3287 classe
1795 3246 1840 3286 de
1858 3251 1965 3285 tanta
1984 3251 2095 3293 rates,
2117 3258 2158 3285 v.
2178 3243 2299 3295 433).

357 3304 409 3343 Α1
440 3315 605 3353 centro,
636 3305 818 3355 l'uomo,
849 3306 953 3355 solo,
986 3307 1123 3358 preda
1153 3316 1374 3359 agognata
1403 3308 1519 3348 dello
1548 3305 1791 3347 sconfinato
1820 3319 1844 3345 e
1872 3303 2020 3356 gonfio
2049 3317 2186 3345 mare.

469 3365 646 3405 434-35.
677 3366 778 3405 Non
807 3365 890 3406 che
919 3366 1197 3406 Clitemestra
1226 3366 1336 3407 arda
1364 3367 1411 3407 di
1438 3380 1590 3419 sapere
1619 3367 1661 3406 la
1689 3374 1802 3406 sorte
1828 3364 1975 3405 subita
2002 3363 2119 3404 dalle
2145 3363 2250 3404 navi
2277 3376 2302 3403 6

356 3422 430 3462 dai
451 3423 556 3464 duci
585 3425 730 3473 achei3
762 3425 803 3464 la
831 3438 911 3465 sua
938 3425 1165 3466 domanda
1194 3426 1217 3465 ὲ
1244 3426 1335 3466 solo
1363 3440 1425 3467 un
1454 3425 1704 3478 espediente
1732 3424 1779 3465 di
1805 3424 1878 3464 cui
1905 3423 1938 3463 si
1964 3436 2085 3464 serve
2112 3422 2142 3463 il
2170 3429 2301 3475 poeta

370 3600 446 3640 112
